@book{brameier07,
author = {M. Brameier and W. Banzhaf},
title = {Linear Genetic Programming},
publisher = {Springer},
year = {2007}
}

@book{dawkins99,
author = {R. Dawkins},
title = {The Extended Phenotype: The Long Reach of th Gene},
publisher = {Oxford University Press},
year = {1999}
}

@inproceedings{bittau14,
author = {A. Bittau and A. Belay and A. Mashtizadah and D. Mazieres and D. Boneh},
title = {Hacking Blind},
booktitle = {IEEE Security and Privacy},
pages = {277-242},
year = {2014}
}

@inproceedings{buchanan08,
author = {E. Buchanan and R. Roemer and H. Shacham and S. Savage},
title = {When good instructions go bad: Generalizing return-orientated programming to RISC},
booktitle = {ACM Conference on Computer and Communications Security},
pages = {27-38},
year = {2008}
}

@inproceedings{checkoway10,
author = {S. Checkoway and L. Davi and A. Dmitrienko and A.-R. Sadeghi and H. Shacham and M. Winandy},
title = {Return-orientated programming without returns},
booktitle = {ACM Conference on Computer and Communications Security},
pages = {559-572},
year = {2010}
}

@inproceedings{kayacik06,
author = {H.G. Kayac\i{}k, M. Heywood, N. Zincir-Heywood},
title = {On evolving buffer overflow attacks using genetic programming},
booktitle = {ACM Genetic and Evolutionary Computation Conference},
pages = {1667-1674},
year = {2006}
}

@article{kayacik11,
author = {H.G. Kayac\i{}k, M. Heywood, N. Zincir-Heywood},
title = {On evolving buffer overflow attacks using genetic programming},
journal = {Applied Soft Computing},
volume = {11},
pages = {4366-4383},
year = {2011}
}

@inproceedings{mckay00,
  author    = {R. I. McKay},
  title     = {Fitness sharing in genetic programming},
  booktitle = {Proceedings of the Genetic and Evolutionary Computation Conference},
  pages     = {435--442},
  publisher = {Morgan Kaufmann},
  year      = {2000}
}

@inproceedings{pfaff15,
author = {D. Pfaff and S. Hack and C. Hammer},
title = {Learning how to prevent return-oriented programming efficiently},
booktitle = {International Symposium on Engineering Secure Software Systems},
series = {LNCS},
volume = {8978},
pages = {68-85},
year = {2015}
}

@article{rosin97,
author = {C. D. Rosin and R. K. Belew},
title = {New methods for competitive coevolution},
journal = {Evolutionary Computation},
volume = {5},
number = {1},
pages = {1--29},
year = {1997}
}

@inproceedings{schwartz11,
author = {E. J. Schwartz and T. Avgerinos and D. Brumley},
title = {{Q}: exploit hardening made easy},
booktitle = {USENIX Security Symposium},
year = {2011}
}

@inproceedings{shacham07,
author = {H. Shacham},
title = {The geometry of innocent flesh on the bone: Return-into-libc without function calls (on the x86)},
booktitle = {ACM Conference on Computer and Communications Security},
pages = {552-561},
year = {2007}
}
